@article{puente2013review,
  title={Review of mobile mapping and surveying technologies},
  author={Puente, I and Gonz{\'a}lez-Jorge, H and Mart{\'\i}nez-S{\'a}nchez, J and Arias, P},
  journal={Measurement},
  volume={46},
  number={7},
  pages={2127--2145},
  year={2013},
  publisher={Elsevier}
}