@book{b1,
  title={Synthesis and optimization of digital circuits},
  author={De Micheli, Giovanni},
  number={BOOK},
  year={1994},
  publisher={McGraw Hill}
}

@article{b2,
  title={Force-directed scheduling for the behavioral synthesis of ASICs},
  author={Paulin, Pierre G and Knight, John P},
  journal={IEEE Transactions on Computer-Aided Design of Integrated Circuits and Systems},
  volume={8},
  number={6},
  pages={661--679},
  year={1989},
  publisher={IEEE}
}

@article{b3,
  title={Introduction to the scheduling problem},
  author={Walker, Robert A and Chaudhuri, Samit},
  journal={IEEE Design \& Test of Computers},
  volume={12},
  number={2},
  pages={60--69},
  year={1995},
  publisher={IEEE}
}

@inproceedings{b4,
  title={Force-directed scheduling in automatic data path synthesis},
  author={Paulin, Pierre G and Knight, John P},
  booktitle={Proceedings of the 24th ACM/IEEE Design Automation Conference},
  pages={195--202},
  year={1987}
}

@inproceedings{b5,
  title={Force-directed list scheduling for digital microfluidic biochips},
  author={O'Neal, Kenneth and Grissom, Daniel and Brisk, Philip},
  booktitle={2012 IEEE/IFIP 20th International Conference on VLSI and System-on-Chip (VLSI-SoC)},
  pages={7--11},
  year={2012},
  organization={IEEE}
}

\end{thebibliography}